<?xml version="1.0" encoding="UTF-8"?><collection xmlns="http://www.loc.gov/MARC21/slim"><record><leader>00470nam--2200169-i-4500</leader><controlfield tag="001">000011977</controlfield><controlfield tag="002">20161230</controlfield><controlfield tag="005">20161230201029</controlfield><controlfield tag="008">060222s1000------------r-----000-0-eng-d</controlfield><datafield ind1=" " ind2=" " tag="040"><subfield code="a">IFIN-HH</subfield></datafield><datafield ind1=" " ind2=" " tag="080"><subfield code="a">621.039.8:546.02</subfield></datafield><datafield ind1="1" ind2=" " tag="100"><subfield code="a">Sube, E</subfield></datafield><datafield ind1="1" ind2="0" tag="245"><subfield code="a">Zweite arbeitstagung uber stabile isotope. leipzig 1961</subfield><subfield code="c">E. sube</subfield></datafield><datafield ind1=" " ind2=" " tag="260"><subfield code="a">Berlin</subfield><subfield code="b">Veb, Deutscher Verlag Der Wissenschaf Ten</subfield><subfield code="c">1962</subfield></datafield><datafield ind1=" " ind2=" " tag="300"><subfield code="a">442 P</subfield></datafield><datafield ind1=" " ind2=" " tag="852"><subfield code="a">43014</subfield><subfield code="c">H.H</subfield></datafield><datafield ind1=" " ind2=" " tag="CAT"><subfield code="a">Sys</subfield><subfield code="c">20130402</subfield><subfield code="h">111819</subfield></datafield></record></collection>